 @Book{altieri1,
 author = {Altieri, Miguel; Nicholls, Clara I.},
 title = {Agroecología - Teoría y práctica para una agricultura sustentable.},
 publisher = {PNUMA},
 year = {2000},
 address = {},
 note = { México}
 }
 
 @book{medeiros,
 author = {Medeiros, Carlos Alberto Barbosa.},
 title = {Transição agroecológica: construção participativa do conhecimento para a sustentabilidade – resultados de atividades 2009|2010},
 publisher = {Embrapa},
 year = {2011},
 address = {Brasília, DF},
 note = {Editado por Carlos Alberto Barbosa Medeiros, Flávio Luiz Carpena Carvalho, André Samuel Strassburger}
 }
 
@book{guterres,
 author = {Guterres, Ivani},
 title = {Agroecologia militante: contribuições de Enio Guterres.},
 publisher = {Expressão Popular},
 year = {2006},
 address = {São Paulo},
 note = {}
 }
 
 

