 @Book{altieri1,
 author = {Altieri, Miguel; Nicholls, Clara I.},
 title = {Agroecología - Teoría y práctica para una agricultura sustentable.},
 publisher = {PNUMA},
 year = {2000},
 address = {},
 note = { México}
 }

 @book{medeiros,
 author = {Medeiros, Carlos Alberto Barbosa.},
 title = {Transição agroecológica: construção participativa do conhecimento para a sustentabilidade – resultados de atividades 2009|2010},
 publisher = {Embrapa},
 year = {2011},
 address = {Brasília, DF},
 note = {Editado por Carlos Alberto Barbosa Medeiros, Flávio Luiz Carpena Carvalho, André Samuel Strassburger}
 }

@book{guterres,
 author = {Guterres, Ivani},
 title = {Agroecologia militante: contribuições de Enio Guterres.},
 publisher = {Expressão Popular},
 year = {2006},
 address = {São Paulo},
 note = {}
 }

 @Book{igoe2007making,
 author = {Igoe, Tom},
 title = {Making things talk},
 publisher = {O'Reilly},
 year = {2007},
 address = {Beijing Cambridge Mass},
 isbn = {978-0-596-51051-0}
 }

 @Book{halliday2008eletro,
 author = {Halliday, David},
 title = {Fundamentos de Física, volume 3: Eletromagnetismo / Halliday, Resnick, Jearl Walker: tradução e revisão técnica Ronaldo Sérgio de Biasi},
 publisher = {LTC},
 year = {2009},
 address = {Rio de Janeiro}
 }

 @Book{halliday2008ondas,
 author = {Halliday, David},
 title = {Fundamentos de Física, volume 2: Gravitação, Ondas e Termodinâmica / Halliday, Resnick, Jearl Walker: tradução e revisão técnica Ronaldo Sérgio de Biasi},
 publisher = {LTC},
 year = {2009},
 address = {Rio de Janeiro}
 }

 @Book{arduinorobotics,
 author = {WARREN, J.D.;ADAMS, J.; MOLLE, H.},
 title = { Arduino robotics, Apresspod Series},
 publisher = {Apress},
 year = {2011}
 }
